<?xml version="1.0" encoding="UTF-8"?><collection xmlns="http://www.loc.gov/MARC21/slim"><record><leader>00567nam--2200181-i-4500</leader><controlfield tag="001">000006248</controlfield><controlfield tag="002">20161230</controlfield><controlfield tag="005">20161230201026</controlfield><controlfield tag="008">060222s1000------------r-----000-0-eng-d</controlfield><datafield ind1=" " ind2=" " tag="040"><subfield code="a">IFIN-HH</subfield></datafield><datafield ind1=" " ind2=" " tag="080"><subfield code="a">537.311.33</subfield></datafield><datafield ind1="1" ind2=" " tag="100"><subfield code="a">Willardson, Robert K</subfield></datafield><datafield ind1="1" ind2="0" tag="245"><subfield code="a">Compound semicondsuctors</subfield><subfield code="b">Volume i. preparation of iii-v compounds</subfield><subfield code="c">Robert k. willardson, harvey l. goering (eds.)</subfield></datafield><datafield ind1=" " ind2=" " tag="260"><subfield code="a">New York</subfield><subfield code="b">Reinhold Publishing Corporation</subfield><subfield code="c">1962</subfield></datafield><datafield ind1=" " ind2=" " tag="300"><subfield code="a">XXII + 553 P</subfield></datafield><datafield ind1=" " ind2=" " tag="700"><subfield code="a">Goering, Harvey L</subfield></datafield><datafield ind1=" " ind2=" " tag="852"><subfield code="a">18643</subfield><subfield code="c">537.311.33</subfield></datafield><datafield ind1=" " ind2=" " tag="CAT"><subfield code="a">Sys</subfield><subfield code="c">20110719</subfield><subfield code="h">120524</subfield></datafield></record></collection>